@article{radford2015unsupervised,
  title={Unsupervised representation learning with deep convolutional generative adversarial networks},
  author={Radford, Alec and Metz, Luke and Chintala, Soumith},
  journal={arXiv preprint arXiv:1511.06434},
  year={2015}
}

@inproceedings{goodfellow2014generative,
	title={Generative adversarial nets},
	author={Goodfellow, Ian and Pouget-Abadie, Jean and Mirza, Mehdi and Xu, Bing and Warde-Farley, David and Ozair, Sherjil and Courville, Aaron and Bengio, Yoshua},
	booktitle={Advances in neural information processing systems},
	pages={2672--2680},
	year={2014}
}

@article{krizhevsky2014cifar,
	title={The CIFAR-10 dataset},
	author={Krizhevsky, Alex and Nair, Vinod and Hinton, Geoffrey},
	journal={online: http://www. cs. toronto. edu/kriz/cifar. html},
	year={2014}
}

@inproceedings{maas2013rectifier,
	title={Rectifier nonlinearities improve neural network acoustic models},
	author={Maas, Andrew L and Hannun, Awni Y and Ng, Andrew Y},
	booktitle={Proc. icml},
	volume={30},
	number={1},
	pages={3},
	year={2013}
}

@article{springenberg2014striving,
	title={Striving for simplicity: The all convolutional net},
	author={Springenberg, Jost Tobias and Dosovitskiy, Alexey and Brox, Thomas and Riedmiller, Martin},
	journal={arXiv preprint arXiv:1412.6806},
	year={2014}
}

@inproceedings{zeiler2014visualizing,
	title={Visualizing and understanding convolutional networks},
	author={Zeiler, Matthew D and Fergus, Rob},
	booktitle={European conference on computer vision},
	pages={818--833},
	year={2014},
	organization={Springer}
}

@inproceedings{zeiler2011adaptive,
	title={Adaptive deconvolutional networks for mid and high level feature learning},
	author={Zeiler, Matthew D and Taylor, Graham W and Fergus, Rob},
	booktitle={Computer Vision (ICCV), 2011 IEEE International Conference on},
	pages={2018--2025},
	year={2011},
	organization={IEEE}
}

@article{lecun2010mnist,
	title={MNIST handwritten digit database},
	author={LeCun, Yann and Cortes, Corinna and Burges, CJ},
	journal={AT\&T Labs [Online]. Available: http://yann. lecun. com/exdb/mnist},
	volume={2},
	year={2010}
}

@misc{ishibashi2018associative,
	title={Associative Conversation Model: Generating Visual Information from Textual Information},
	author={Yoichi Ishibashi and Hisashi Miyamori},
	year={2018},
	url={https://openreview.net/forum?id=HJ39YKiTb},
}

@conference{zhang2017adversarial,
   author = {{Zhang}, Y. and {Gan}, Z. and {Fan}, K. and {Chen}, Z. and {Henao}, R. and {Shen}, D. and {Carin}, L.},
   year = {2017},
   booktitle = {34th International Conference on Machine Learning},
   url = {https://arxiv.org/abs/1706.03850}
}

@inproceedings{paszke2017automatic,
	title={Automatic differentiation in PyTorch},
	author={Paszke, Adam and Gross, Sam and Chintala, Soumith and Chanan, Gregory and Yang, Edward and DeVito, Zachary and Lin, Zeming and Desmaison, Alban and Antiga, Luca and Lerer, Adam},
	booktitle={NIPS-W},
	year={2017}
}

@article{kingma2014adam,
	title={Adam: A method for stochastic optimization},
	author={Kingma, Diederik P and Ba, Jimmy},
	journal={arXiv preprint arXiv:1412.6980},
	year={2014}
}

@inproceedings{mikolov2013distributed,
	title={Distributed representations of words and phrases and their compositionality},
	author={Mikolov, Tomas and Sutskever, Ilya and Chen, Kai and Corrado, Greg S and Dean, Jeff},
	booktitle={Advances in neural information processing systems},
	pages={3111--3119},
	year={2013}
}

@article{mirza2014conditional,
	title={Conditional generative adversarial nets},
	author={Mirza, Mehdi and Osindero, Simon},
	journal={arXiv preprint arXiv:1411.1784},
	year={2014}
}

@inproceedings{huang2017stacked,
	title={Stacked generative adversarial networks},
	author={Huang, Xun and Li, Yixuan and Poursaeed, Omid and Hopcroft, John and Belongie, Serge},
	booktitle={IEEE Conference on Computer Vision and Pattern Recognition (CVPR)},
	volume={2},
	pages={4},
	year={2017}
}

@inproceedings{denton2015deep,
	title={Deep generative image models using aï¿¼ laplacian pyramid of adversarial networks},
	author={Denton, Emily L and Chintala, Soumith and Fergus, Rob and others},
	booktitle={Advances in neural information processing systems},
	pages={1486--1494},
	year={2015}
}

@article{reed2016generative,
	title={Generative adversarial text to image synthesis},
	author={Reed, Scott and Akata, Zeynep and Yan, Xinchen and Logeswaran, Lajanugen and Schiele, Bernt and Lee, Honglak},
	journal={arXiv preprint arXiv:1605.05396},
	year={2016}
}

@inproceedings{kingma2014semi,
	title={Semi-supervised learning with deep generative models},
	author={Kingma, Diederik P and Mohamed, Shakir and Rezende, Danilo Jimenez and Welling, Max},
	booktitle={Advances in Neural Information Processing Systems},
	pages={3581--3589},
	year={2014}
}

@article{kingma2013auto,
	title={Auto-encoding variational bayes},
	author={Kingma, Diederik P and Welling, Max},
	journal={arXiv preprint arXiv:1312.6114},
	year={2013}
}

@inproceedings{larochelle2011neural,
	title={The neural autoregressive distribution estimator},
	author={Larochelle, Hugo and Murray, Iain},
	booktitle={Proceedings of the Fourteenth International Conference on Artificial Intelligence and Statistics},
	pages={29--37},
	year={2011}
}

@inproceedings{germain2015made,
	title={Made: Masked autoencoder for distribution estimation},
	author={Germain, Mathieu and Gregor, Karol and Murray, Iain and Larochelle, Hugo},
	booktitle={International Conference on Machine Learning},
	pages={881--889},
	year={2015}
}

@inproceedings{salimans2016improved,
	title={Improved techniques for training gans},
	author={Salimans, Tim and Goodfellow, Ian and Zaremba, Wojciech and Cheung, Vicki and Radford, Alec and Chen, Xi},
	booktitle={Advances in Neural Information Processing Systems},
	pages={2234--2242},
	year={2016}
}

@inproceedings{gulrajani2017improved,
	title={Improved training of wasserstein gans},
	author={Gulrajani, Ishaan and Ahmed, Faruk and Arjovsky, Martin and Dumoulin, Vincent and Courville, Aaron C},
	booktitle={Advances in Neural Information Processing Systems},
	pages={5769--5779},
	year={2017}
}

@article{arjovsky2017wasserstein,
	title={Wasserstein gan},
	author={Arjovsky, Martin and Chintala, Soumith and Bottou, L{\'e}on},
	journal={arXiv preprint arXiv:1701.07875},
	year={2017}
}